% Encoding: UTF-8

@Article{Noble2009,
  author    = {William Stafford Noble},
  title     = {A Quick Guide to Organizing Computational Biology Projects},
  journal   = {{PLoS} Computational Biology},
  year      = {2009},
  volume    = {5},
  number    = {7},
  pages     = {e1000424},
  month     = {jul},
  doi       = {10.1371/journal.pcbi.1000424},
  editor    = {Fran Lewitter},
  owner     = {Edgar},
  publisher = {Public Library of Science ({PLoS})},
  timestamp = {2017-03-10},
}

@Article{Ihaka1996,
  author    = {{I}haka, {R} and {G}entleman, {R}},
  title     = {R: A language for data analysis and graphics},
  journal   = {Journal of Computational and Graphical Statistics},
  year      = {1996},
  volume    = {5},
  number    = {3},
  pages     = {299--314},
  owner     = {Edgar},
  timestamp = {2017-03-12},
}

@Comment{jabref-meta: databaseType:bibtex;}
